@preamble{ {\providecommand{\noopsort}[1]{}} }

@inproceedings{agotnes:2008,
    author      = {Thomas {\noopsort{Agotnes}}{{\AA}gotnes} and Hans {\noopsort{Ditmarsch}}{van Ditmarsch}},
    title       = {Coalitions and Announcements},
    booktitle   = {Proc.\ of 7th AAMAS},
    editor      = {L. Padgham and D.C. Parkes and J. M{\"u}ller and S. Parsons},
    pages       = {673--680},
    publisher   = {IFAAMAS},
    year        = {2008},
}

@article{agotnes:2010,
    author      = {Thomas {{\noopsort{Agotnes}}{\AA}gotnes} and Philippe Balbiani and Hans {\noopsort{Ditmarsch}}{van Ditmarsch} and Pablo Seban},
    title       = {Group Announcement Logic},
    journal     = {Journal of Applied Logic},
    volume      = {8},
    pages       = {62--81},
    year        = {2010},
}

@article{alchourron:1985,
    author       = {Carlos E. Alchourr\'{o}n and Peter G\"{a}rdenfors and David Makinson},
    title        = {On the logic of theory change: {P}artial meet contraction and revision functions},
    journal      = {Journal of Symbolic Logic},
    volume       = {50},
    pages        = {510--530},
    year         = {1985},
}

@article{aumann:1976,
    author      = {Robert J. Aumann},
    title       = {Agreeing to disagree},
    journal     = {Annals of Statistics},
    volume      = {4(6)},
    pages       = {1236--1239},
    year        = {1976},
}

@inproceedings{balbiani:2007,
    author      = {Philippe Balbiani and Alexandru Baltag and Hans {\noopsort{Ditmarsch}}{van Ditmarsch} and Andreas Herzig and Tomohiro Hoshi and Tiago {\noopsort{Lima}}{de Lima}},
    title       = {What can we achieve by arbitrary announcements? {A} dynamic take on {F}itch's knowability},
    editor      = {D. Samet},
    booktitle   = {Proc.\ of TARK XI},
    publisher   = {Presses Universitaires de Louvain},
    pages       = {42--51},
    address     = {Louvain-la-Neuve, Belgium},
    year        = {2007},
}

@article{balbiani:2008,
    author      = {Philippe Balbiani and Alexandur Baltag and Hans {\noopsort{Ditmarsch}}{van Ditmarsch} and Andreas Herzig and Tomohiro Hoshi and Tiago de Lima},
    title       = {`{K}nowable' as `known after an announcement'},
    journal     = {Review of Symbolic Logic},
    volume      = {1(3)},
    pages       = {305--334},
    year        = {2008},
}

@inproceedings{baltag:1999,
    author      = {Alexandru Baltag},
    title       = {A Logic of Epistemic Actions},
    editor      = {W. {\noopsort{Hoek}}{van der Hoek} and J.-J. Meyer and C. Witteveen},
    booktitle   = {(Electronic) Proc.\ of the ESSLLI 1999 workshop on Foundations and Applications of Collective Agent-Based Systems},
    publisher   = {Utrecht University},
    year        = {1999},
}

@article{baltag:2004,
    author      = {Alexandru Baltag and Lawrence S. Moss},
    title       = {Logics for epistemic programs},
    journal     = {Synthese},
    volume      = {139},
    pages       = {165--224},
    note        = {Knowledge, Rationality \& Action 1--60},
    year        = {2004},
}

@inproceedings{baltag:1998,
    author      = {Alexandru Baltag and Lawrence S. Moss and SÅ‚awomir Solecki},
    title       = {The Logic of Public Announcements, Common Knowledge, and
    Private Suspicions},
    editor      = {I. Gilboa},
    booktitle   = {Proc.\ of 7th TARK},
    pages       = {43--56},
    publisher   = {Morgan Kaufmann},
    year        = {1998},
}

@article{barwise:1981,
    author      = {Jon Barwise},
    title       = {Scenes and other situations},
    journal     = {Journal of Philosophy},
    volume      = {78},
    number      = {7},
    pages       = {369--397},
    year        = {1981},
}

@inproceedings{vanbenthem:1989,
    author      = {Johan {\noopsort{Benthem}}{van Benthem}},
    title       = {Semantic Parallels in Natural Language and Computation},
    editor      = {H.-D. Ebbinghaus and J. Fernandez-Prida and M. Garrido and D. Lascar and M. Rodrigues Artalejo},
    booktitle   = {Logic Colloquium '87},
    publisher   = {North-Holland},
    address     = {Amsterdam},
    year        = {1989},
}

@inproceedings{vanbenthem:1994,
    author      = {Johan {\noopsort{Benthem}}{van Benthem}},
    title       = {Logic and the flow of information},
    editor      = {D. Prawitz and B. Skyrms and D. Westerstahl},
    booktitle   = {Proc.\ of the 9th International Congress of Logic, Methodology and Philosophy of Science (1991)},
    publisher   = {Elsevier Science B.V.},
    note        = {Also available as: Report LP-91-10, ILLC, University of Amsterdam},
    year        = {1994},
}

@book{vanbenthem:1996,
    author      = {Johan {\noopsort{Benthem}}{van Benthem}},
    title       = {Exploring logical dynamics},
    publisher   = {CSLI Publications},
    address     = {Stanford},
    year        = {1996},
}

@article{vanbenthem:2004,
    author      = {Johan {\noopsort{Benthem}}{van Benthem}},
    title       = {What one may come to know},
    journal     = {Analysis},
    volume      = {64(2)},
    pages       = {95--105},
    year        = {2004},
}

@book{blackburn:2001,
    author      = {Patrick Blackburn and Maarten {\noopsort{Rijke}}{de Rijke} and Yde Venema},
    title       = {Modal Logic},
    publisher   = {Cambridge University Press},
    address     = {Cambridge},
    note        = {Cambridge Tracts in Theoretical Computer Science 53},
    year        = {2001},
}

@article{bozzelli:2014b,
    author      = {Laura Bozzelli and Hans {\noopsort{Ditmarsch}}{van Ditmarsch} and Tim French and James Hales and Sophie Pinchinat},
    title       = {Refinement Modal Logic},
    journal     = {Information and Computation},
    note        = {\url{http://dx.doi.org/10.1016/j.ic.2014.07.013}},
    year        = {2014},
}

@article{bozzelli:2014a,
    author      = {Laura Bozzelli and Hans {\noopsort{Ditmarsch}}{van Ditmarsch} and Sophie Pinchinat},
    title       = {The Complexity of One-Agent Refinement Modal Logic},
    publisher   = {Springer},
    pages       = {120--133},
    journal     = {Logics in Artificial Intelligence},
    year        = {2014},
}

@article{carnap:1946,
    title       = {Modalities and Quantification},
    author      = {Rudolf Carnap},
    journal     = {Journal of Symbolic Logic},
    volume      = {11},
    number      = {2},
    pages       = {33--64},
    year        = {1946},
    publisher   = {Association for Symbolic Logic}
}

@book{carnap:1947,
    title       = {Meaning and necessity: a study in semantics and modal logic},
    author      = {Rudolf Carnap},
    year        = {1947},
    publisher   = {University of Chicago Press}
}

@inproceedings{derijke:1994,
    author      = {Maarten {\noopsort{Rijke}}{de Rijke}},
    title       = {Meeting Some Neighbours},
    editor      = {Jan {\noopsort{Eijck}}{van Eijck} and Albert Visser},
    booktitle   = {Logic and information flow},
    publisher   = {MIT Press},
    address     = {Cambridge MA},
    pages       = {170--195},
    year        = {1994},
}

@inproceedings{vanditmarsch:1999,
    author      = {Hans {\noopsort{Ditmarsch}}{van Ditmarsch}},
    title       = {The logic of knowledge games: showing a card},
    editor      = {E. Postma and M. Gyssens},
    booktitle   = {Proc.\ of the BNAIC 99},
    pages       = {35--42},
    address     = {Maastricht University},
    year        = {1999},
}

@phdthesis{vanditmarsch:2000,
    author      = {Hans {\noopsort{Ditmarsch}}{van Ditmarsch}},
    title       = {Knowledge games},
    note        = {ILLC Dissertation Series DS-2000-06},
    school      = {University of Groningen},
    year        = {2000}
}

@article{vanditmarsch:2002,
    author      = {Hans {\noopsort{Ditmarsch}}{van Ditmarsch}},
    title       = {Descriptions of game actions},
    journal     = {Journal of Logic, Language and Information},
    volume      = {11},
    pages       = {349--365},
    year        = {2002},
}

@inproceedings{french:2008,
    author      = {Tim French and Hans {\noopsort{Ditmarsch}}{van Ditmarsch}},
    title       = {Undecidability for Arbitrary Public Announcement Logic},
    booktitle   = {Advances in Modal Logic 7},
    volume      = {7},
    editor      = {C. Areces and R. Goldblatt},
    publisher   = {College Publications},
    address     = {London},
    pages       = {23--42},
    note        = {Proc.\ of the seventh conference ``Advances in Modal Logic''},
    year        = {2008},
}

@inproceedings{vanditmarsch:2009,
    author      = {Hans {\noopsort{Ditmarsch}}{van Ditmarsch} and Tim French},
    title       = {Simulation and information},
    booktitle   = {Knowledge Representation for Agents and Multi-Agent Systems},
    editor      = {J. Broersen and J.-J. Meyer},
    publisher   = {Springer},
    pages       = {51--65},
    series      = {LNAI 5605},
    year        = {2009},
}

@inproceedings{vanditmarsch:2010,
    author      = {Hans {\noopsort{Ditmarsch}}{van Ditmarsch} and Tim French and Sophie Pinchinat},
    title       = {Future event logic - axioms and complexity},
    editor      = {L. Beklemishev and V. Goranko and V. Shehtman},
    booktitle   = {Advances in Modal Logic 8},
    volume      = {8},
    publisher   = {College Publications},
    address     = {London},
    pages       = {77--99},
    note        = {Proc.\ of the eighth conference ``Advances in Modal Logic''},
    year        = {2010},
}

@book{vanditmarsch:2007,
    author      = {Hans {\noopsort{Ditmarsch}}{van Ditmarsch} and Weibe {\noopsort{Hoek}}{van der Hoek} and Barteld Kooi},
    title       = {Dynamic Epistemic Logic},
    series      = {Synthese Library},
    volume      = {337},
    publisher   = {Springer},
    year        = {2007}
}

@article{doyle:1979,
    title       = {A truth maintenance system},
    author      = {Jon Doyle},
    journal     = {Artificial intelligence},
    volume      = {12},
    number      = {3},
    pages       = {231--272},
    year        = {1979},
}

@inproceedings{vanemdeboas:1980,
    title       = {The conway paradox: Its solution in an epistemic framework},
    author      = {Peter {\noopsort{Emde Boas}}{van Emde Boas} and Groenendijk, Jeroen and Stokhof, Martin},
    booktitle   = {Proceedings of the third Amsterdam Montague Symposion},
    pages       = {159--182},
    year        = {1980}
}

@book{fagin:1995,
    author      = {Ronald Fagin and Joseph Y. Halpern and Yoram Moses and Moshe Y. Vardi},
    title       = {Reasoning about Knowledge},
    publisher   = {MIT Press},
    address     = {Cambridge MA},
    year        = {1995},
}

@article{fagin:1991,
    title       = {A model-theoretic analysis of knowledge},
    author      = {Ronald Fagin and Joseph Y. Halpern and Yoram Moses and Moshe Y. Vardi},
    journal     = {Journal of the ACM (JACM)},
    volume      = {38},
    number      = {2},
    pages       = {382--428},
    year        = {1991},
    publisher   = {ACM}
}

@inproceedings{fagin:1985,
    title       = {An internal semantics for modal logic},
    author      = {Ronald Fagin and Moshe Y. Vardi},
    booktitle   = {Proceedings of the seventeenth annual ACM symposium on Theory of computing},
    pages       = {305--315},
    year        = {1985},
}

@article{fitch:1963,
    author      = {Frederic B. Fitch},
    title       = {A Logical Analysis of Some Value Concepts},
    journal     = {The Journal of Symbolic Logic},
    year        = {1963},
    volume      = {28},
    number      = {2},
    pages       = {135--142},
}

@phdthesis{french:2006,
    author      = {Tim French},
    title       = {Bisimulation quantifiers for modal logic},
    school      = {School of Computer Science and Software Engineering, The University of Western Australia},
    year        = {2006},
}

@article{gerbrandy:1997,
    author      = {Jelle D. Gerbrandy and Willem Groeneveld},
    title       = {Reasoning about Information Change},
    journal     = {Journal of Logic, Language, and Information},
    volume      = {6},
    pages       = {147--169},
    year        = {1997}
}

@unpublished{hales:2011a,
    author      = {James Hales},
    title       = {Refinement quantifiers for logics of belief and knowledge},
    note        = {Honours Thesis, The University of Western Australia},
    year        = {2011},
}

@article{hales:2011b,
  author        = {James Hales and Tim French and Rowan Davies},
  title         = {Refinement Quantified Logics of Knowledge},
  journal       = {Electronic Notes in Theoretical Computer Science},
  volume        = {278},
  pages         = {85-98},
  year          = {2011},
}

@inproceedings{hales:2013,
    title       = {Arbitrary Action Model Logic and Action Model Synthesis},
    author      = {James Hales},
    booktitle   = {Proc.\ of the 2013 28th Annual IEEE/ACM Symposium on Logic in Computer Science},
    pages       = {253--262},
    year        = {2013},
    organization= {IEEE}
}

@inproceedings{hales:2012,
    author      = {James Hales and Tim French and Rowan Davies},
    title       = {Refinement Quantified Logics of Knowledge and Belief for Multiple Agents},
    booktitle   = {Advances in Modal Logic 9},
    volume      = {9},
    editor      = {Thomas Bolander and  Torben Bra{\"u}ner and  Silvio Ghilardi and  Lawrence S. Moss},
    publisher   = {College Publications},
    address     = {London},
    year        = {2012},
    note        = {Proc.\ of the ninth conference ``Advances in Modal Logic''},
    pages       = {317--338},
}

@inproceedings{halpern:1985,
    title       = {Knowledge and Common Knowledge in a Distributed Environment},
    author      = {Joseph Y. Halpern and Yoram Moses},
    booktitle   = {Proc.\ of the 3rd ACM Symposium on Principles of Distributed Computing (PODS)},
    year        = {1984},
    pages       = {50--61},
}

@inproceedings{harper:1976,
    title       = {Rational conceptual change},
    author      = {William L Harper},
    booktitle   = {Proc.\ of the Biennial Meeting of the Philosophy of Science Association},
    volume      = {1976},
    pages       = {462--494},
    year        = {1976},
}

@article{hintikka:1957,
    title       = {Quantifiers in deontic logic},
    author      = {Jaakko Hintikka},
    journal     = {Societas Scientiarumi Fennica, Commentationes Humanarum Literarum},
    volume      = {23},
    number      = {4},
    pages       = {1--23},
    year        = {1957},
}

@article{hintikka:1961,
    title       = {Modality and quantification},
    author      = {Jaakko Hintikka},
    journal     = {Theoria},
    volume      = {27},
    number      = {3},
    pages       = {119--128},
    year        = {1961},
}

@book{hintikka:1962,
    title       = {Knowledge and belief},
    author      = {Hintikka, Jaakko},
    year        = {1962},
    publisher   = {Cornell University Press},
    address     = {Ithaca, New York}
}

@book{meyer:1995,
    author      = {John-Jules C. Meyer and Wiebe {\noopsort{Hoek}}{van der Hoek}},
    title       = {Epistemic Logic for AI and Computer Science},
    note        = {{C}ambridge Tracts in Theoretical Computer Science 41},
    publisher   = {Cambridge University Press},
    address     = {Cambridge},
    year        = {1995}
}

@inproceedings{janin:1995,
    author      = {David Janin and Igor Walukiewicz},
    title       = {Automata for the modal $\mu$-Calculus and related results},
    note        = {Proc.\ of 20th MFCS},
    booktitle   = {Mathematical Foundations of Computer Science 1995},
    year        = {1995},
    pages       = {552--562},
    publisher   = {Springer},
    series      = {LNCS 969},
}

@phdthesis{jaspars:1994,
    author      = {Johannes Ogier Maria Jaspars},
    title       = {Calculi for Constructive Communication},
    note        = {ILLC Dissertation Series DS-1994-4, ITK Dissertation Series 1994-1},
    school      = {University of Tilburg},
    year        = {1994},
}

@article{kripke:1959,
    author      = {Saul A. Kripke},
    title       = {A completeness theorem in modal logic},
    journal     = {Journal of Symbolic Logic},
    volume      = {24},
    pages       = {1--14},
    year        = {1959}
}

@article{kripke:1963,
    title       = {Semantical analysis of modal logic I: normal modal propositional calculi},
    author      = {Saul A. Kripke},
    journal     = {Zeitschrift fÃ¼r Mathematische Logik und Grundlagen der Mathematik},
    volume      = {9},
    number      = {5-6},
    pages       = {67--96},
    year        = {1963},
}

@book{langford:1959,
    title       = {Symbolic logic (2nd edition)},
    author      = {Cooper Harold Langford and Clarence Irving Lewis},
    year        = {1959},
    publisher   = {Dover Publications, New York}
}

@inproceedings{lehmann:1984,
    title       = {Knowledge, common knowledge and related puzzles},
    author      = {Daniel Lehmann},
    booktitle   = {Proceedings of the third annual ACM symposium on Principles of distributed computing},
    pages       = {62--67},
    year        = {1984},
}

@book{levi:1983,
    title       = {The Enterprise of Knowledge: An Essay on Knowledge, Credal Probobility, and Chance},
    author      = {Isaac Levi},
    year        = {1983},
    publisher   = {MIT press}
}

@book{lewis:1969,
    author      = {David K. Lewis},
    title       = {Convention, a Philosophical Study},
    publisher   = {Harvard University Press},
    address     = {Cambridge, Massachusetts},
    year        = {1969}
}

@article{lindstrom:1999a,
    title       = {Belief change for introspective agents},
    author      = {Sten Lindstr{\"o}m and Wlodek Rabinowicz},
    journal     = {Spinning Ideas, Electronic Essays Dedicated to Peter G{\"a}rdenfors on His Fiftieth Birthday},
    year        = {1999}
}

@article{lindstrom:1999b,
    author      = {Sten Lindstr{\"o}m and Wlodek Rabinowicz},
    title       = {{DDL} unlimited: dynamic doxastic logic for introspective agents},
    journal     = {Erkenntnis},
    volume      = {50},
    number      = {2},
    pages       = {353--385},
    year        = {1999}
}

@techreport{mccarthy:1979,
    title       = {On the Model Theory of Knowledge},
    author      = {John McCarthy and Masahiko Sato and Takeshi Hayashi and Shigeru Igarashi},
    year        = {1979},
    institution = {DTIC Document}
}

@article{mertens:1985,
    title       = {Formulation of {B}ayesian analysis for games with incomplete information},
    author      = {Jean-Francois Mertens and Shmuel Zamir},
    journal     = {International Journal of Game Theory},
    volume      = {14},
    number      = {1},
    pages       = {1--29},
    year        = {1985},
    publisher   = {Springer}
}

@inproceedings{plaza:1989,
    author      = {Jan A. Plaza},
    title       = {Logics of Public Communications},
    booktitle   = {Proc.\ of the 4th International Symposium on Methodologies for Intelligent Systems},
    editor      = {M.L. Emrich and M.S. Pfeifer and M. Hadzikadic and Z.W. Ras},
    publisher   = {Oak Ridge National Laboratory},
    pages       = {201--216},
    year        = {1989},
}

@article{segerberg:1999a,
    author      = {Krister Segerberg},
    title       = {Default logic as dynamic doxastic logic},
    journal     = {Erkenntnis},
    volume      = {50},
    pages       = {333--352},
    year        = {1999}
}

@inproceedings{segerberg:1999b,
    author      = {Krister Segerberg},
    title       = {Two traditions in the logic of belief: bringing them together},
    editor      = {H.J. Ohlbach and U. Reyle},
    booktitle   = {Logic, Language, and Reasoning},
    pages       = {135--147},
    publisher   = {Kluwer Academic Publishers},
    address     = {Dordrecht},
    year        = {1999},
}

@book{vonwright:1951,
    title       = {An essay in modal logic},
    author      = {Georg Henrik {\noopsort{Wright}}{von Wright}},
    volume      = {5},
    year        = {1951},
    publisher   = {North-Holland Pub. Co.},
    address     = {Amsterdam}
}

@book{hughes:1996,
  author        = {George Edward Hughes and Maxwell John Cresswell},
  title         = {A New Introduction to Modal Logic},
  publisher     = {Routledge},
  address       = {London and New York},
  year          = {1996},
}

@article{vaneijck:2012,
    author      = {Jan {\noopsort{Eijck}}{van Eijck} and Ji Ruan and Tomasz Sadzik},
    title       = {Action Emulation},
    journal     = {Synthese},
    number      = {1 (2012)},
    pages       = {131-151},
    volume      = {185},
    year        = {2012}
}

@article{tarski:1941,
    author      = {Alfred Tarski},
    title       = {On the calculus of relations},
    journal     = {The Journal of Symbolic Logic},
    volume      = {6},
    number      = {03},
    pages       = {73--89},
    year        = {1941},
    publisher   = {Cambridge University Press}
}
@incollection{goranko:2006,
    author      = {Valentin Goranko and Martin Otto},
    title       = {Model Theory of Modal Logic},
    booktitle   = {The Handbook of Modal Logic},
    editor      = {Johan {\noopsort{Benthem}}{van Benthem} and Patrick Blackburn and Frank Wolter},
    pages       = {246--329},
    publisher   = {Elsevier},
    address     = {Amsterdam, The Netherlands},
    year        = {2006}
}
@incollection{blackburn:2006,
    author      = {Patrick Blackburn and Johan {\noopsort{Benthem}}{van Benthem}},
    title       = {Modal Logic: A Semantic Perspective},
    booktitle   = {The Handbook of Modal Logic},
    editor      = {Johan {\noopsort{Benthem}}{van Benthem} and Patrick Blackburn and Frank Wolter},
    pages       = {1--84},
    publisher   = {Elsevier},
    address     = {Amsterdam, The Netherlands},
    year        = {2006}
}

@incollection{vanbenthem:1984,
    title       = {Correspondence theory},
    author      = {Johan {\noopsort{Benthem}}{van Benthem}},
    booktitle   = {Handbook of Philosophical Logic},
    volume      = {2},
    pages       = {167--247},
    year        = {1984},
    publisher   = {Springer}
}
@phdthesis{vanbenthem:1976,
    title       = {Modal Correspondence Theory},
    author      = {Johan {\noopsort{Benthem}}{van Benthem}},
    year        = {1976},
    school      = {Mathematisch Instituut \& Instituut voor Grondslagenonderzoek, University of Amsterdam}
}
@article{park:1981,
    title       = {Concurrency and automata on infinite sequences},
    author      = {David Park},
    journal     = {Theoretical Computer Science},
    pages       = {167--183},
    year        = {1981},
    publisher   = {Springer}
}
@article{milner:1980,
    title       = {A calculus of communicating systems},
    author      = {Robin Milner},
    journal     = {Lecture Notes in Computer Science},
    publisher   = {Springer-Verlag},
    volume      = {92},
    year        = {1980}
}
@article{aucher:2011,
    title       = {{DEL}-sequents for progression},
    author      = {Guillaume Aucher},
    journal     = {Journal of Applied Non-classical Logics},
    volume      = {21},
    number      = {3-4},
    pages       = {289-321},
    year        = {2011}
}
@article{aucher:2012,
    title       = {{DEL}-sequents for regression and epistemic planning},
    author      = {Guillaume Aucher},
    journal     = {Journal of Applied Non-classical Logics},
    volume      = {22},
    number      = {4},
    pages       = {337-367},
    year        = {2012}
}
@inproceedings{aucher:2013,
    title       = {Undecidability in epistemic planning},
    author      = {Guillaume Aucher and Thomas Bolander},
    booktitle   = {Proceedings of the Twenty-Third International Joint Conference on Artificial Intelligence},
    year        = {2013},
    pages       = {27--33}
}
@article{balbiani:2012,
    title       = {Some Truths Are Best Left Unsaid.},
    author      = {Philippe Balbiani and Hans {\noopsort{Ditmarsch}}{van Ditmarsch} and Andreas Herzig and Tiago {\noopsort{Lima}}{de Lima}},
    journal     = {Advances in Modal Logic},
    volume      = {9},
    pages       = {36--54},
    year        = {2012},
    publisher   = {College Publications}
}
@unpublished{baltag:2006,
    title       = {Relation between two dynamic epistemic logics},
    author      = {Alexandru Baltag and Hans {\noopsort{Ditmarsch}}{van Ditmarsch}},
    note        = {Annual Conference of the Australasian Association for Logic},
    year        = {2006}
}
@article{chandra:1981,
    author      = {A.~K. Chandra and D.~C. Kozen and L.~J. Stockmeyer},
    title       = {Alternation},
    journal     = {Journal of the ACM},
    volume      = {28(1)},
    pages       = {114--133},
    year        = {1981},
}
@unpublished{balbianietal.short:2014,
    author      = {Philippe Balbiani and Hans {\noopsort{Ditmarsch}}{van Ditmarsch}},
    title       = {A simple proof of the completeness of {APAL}},
    note        = {\url{http://arxiv.org/abs/1409.2612} (ArXiv preprint)},
    year        = {2014},
}

% TODO -- check this citation
@incollection{vanditmarsch:2013,
    author      = {Hans {\noopsort{Ditmarsch}}{van Ditmarsch} and Weibe {\noopsort{Hoek}}{van der Hoek} and Barteld Kooi},
    year        = {2013},
    title       = {Dynamic Epistemic Logic},
    booktitle   = {Internet Encyclopedia of Philosophy},
    editor      = {James Fieser},
    url         = {http://www.iep.utm.edu/de-logic/},
}
@inproceedings{agotnes:2014,
    title       = {The Undecidability of Group Announcements},
    author      = {Thomas {\noopsort{Agotnes}}{{\AA}gotnes} and Hans {\noopsort{Ditmarsch}}{van Ditmarsch} and Tim French},
    booktitle   = {Proceedings of the 2014 International Conference on Autonomous Agents and Multi-agent Systems},
    series      = {AAMAS '14},
    pages       = {893--900},
    year        = {2014},
    publisher   = {International Foundation for Autonomous Agents and Multiagent Systems}
}
@article{aumann:1995,
    title       = {Backward induction and common knowledge of rationality},
    author      = {Robert J. Aumann},
    journal     = {Games and Economic Behavior},
    volume      = {8},
    number      = {1},
    pages       = {6--19},
    year        = {1995},
    publisher   = {Elsevier}
}
@unpublished{achilleos:2013,
    author      = {Antonis Achilleos and Michael Lampis},
    title       = {Closing a Gap in the Complexity of Refinement Modal Logic},
    year        = {2013},
    note        = {\url{http://arxiv.org/abs/1309.5184} (ArXiv preprint)},
}
@article{kooi:2011a,
    author      = {Barteld Kooi and Bryan Renne},
    journal     = {Review of Symbolic Logic},
    title       = {Arrow Update Logic},
    volume      = {4(4)},
    pages       = {536--559},
    year        = {2011},
}
@unpublished{vanditmarsch:2014,
    title       = {Arbitrary Arrow Update Logics},
    author      = {Hans {\noopsort{Ditmarsch}}{van Ditmarsch} and Weibe {\noopsort{Hoek}}{van der Hoek} and Barteld Kooi},
    note        = {Presented at the {AiML} Groningen poster session},
    year        = {2014},
}
@article{vanbenthem:2006,
    author      = {Johan {\noopsort{Benthem}}{van Benthem} and Jan {\noopsort{Eijck}}{van Eijck} and Barteld Kooi},
    title       = {Logics of Communication and Change},
    journal     = {Information and Computation},
    year        = 2006,
    volume      = {204(11)},
    pages       = {1620--1662},
}
@inproceedings{kooi:2011b,
    title       = {Generalized arrow update logic},
    author      = {Barteld Kooi and Bryan Renne},
    booktitle   = {Proceedings of the 13th Conference on Theoretical Aspects of Rationality and Knowledge},
    pages       = {205--211},
    year        = {2011},
    organization= {ACM}
}
@incollection{wen:2011,
    title       = {An alternative logic for knowability},
    author      = {Xuefeng Wen and Hu Liu and Fan Huang},
    booktitle   = {Logic, Rationality, and Interaction},
    pages       = {342--355},
    year        = {2011},
    publisher   = {Springer}
}
@article{dabrowski:1996,
    title       = {Topological reasoning and the logic of knowledge},
    author      = {Andrew Dabrowski and Lawrence S. Moss and Rohit Parikh},
    journal     = {Annals of Pure and Applied Logic},
    volume      = {78},
    number      = {1},
    pages       = {73--110},
    year        = {1996},
    publisher   = {Elsevier}
}
@incollection{wang:2013a,
    title       = {Subset space public announcement logic},
    author      = {Y{\`\i} N. W{\'a}ng and Thomas {\AA}gotnes},
    booktitle   = {Logic and Its Applications},
    pages       = {245--257},
    year        = {2013},
    publisher   = {Springer}
}
@inproceedings{wang:2013b,
    title       = {Multi-agent subset space logic},
    author      = {Y{\`\i} N. W{\'a}ng and Thomas {\AA}gotnes},
    booktitle   = {Proceedings of the Twenty-Third international joint conference on Artificial Intelligence},
    pages       = {1155--1161},
    year        = {2013},
    organization= {AAAI Press}
}
@incollection{balbiani:2013,
    title       = {Subset space logic with arbitrary announcements},
    author      = {Philippe Balbiani and Hans van Ditmarsch and Andrey Kudinov},
    booktitle   = {Logic and its applications},
    pages       = {233--244},
    year        = {2013},
    publisher   = {Springer}
}
@inproceedings{vanditmarsch:2012,
    title       = {Action models for knowledge and awareness},
    author      = {Van Ditmarsch, Hans and French, Tim and Vel{\'a}zquez-Quesada, Fernando R},
    booktitle   = {Proceedings of the 11th International Conference on Autonomous Agents and Multiagent Systems-Volume 2},
    pages       = {1091--1098},
    year        = {2012},
    organization= {International Foundation for Autonomous Agents and Multiagent Systems}
}
@inproceedings{bilkova:2008,
    title       = {Proof systems for the coalgebraic cover modality},
    author      = {Marta BÃ­lkovÃ¡ and Alessandra Palmigiano and Yde Venema},
    booktitle   = {Advances in Modal Logic 7},
    volume      = {7},
    editor      = {Carlos Areces and Robert Goldblatt},
    pages       = {1--21},
    publisher   = {College Publications},
    year        = 2008
}
@inproceedings{ghilardi:2002,
    title       = {From bisimulation quantifiers to classifying toposes},
    author      = {Silvio Ghilardi and Marek Zawadowski},
    booktitle   = {Advances in Modal Logic 4},
    volume      = {4},
    pages       = {193-220},
    publisher   = {College Publications},
    year        = 2002
}
@article{visser:1996,
    title       = {Uniform interpolation and layered bisimulation},
    author      = {Visser, Albert and others},
    journal     = {G{\"o}del '96},
    volume      = {6},
    pages       = {139--164},
    year        = {1996}
}
@book{arnold:2001,
    title       = {Rudiments of $\mu$-calculus},
    author      = {Arnold, Andr{\'e} and Niwinski, Damian},
    year        = {2001},
    publisher   = {Elsevier}
}

@article{french-decidability:2006,
    title       = {Bisimulation Quantified Modal Logics: Decidability},
    author      = {French, Tim},
    journal     = {Advances in Modal Logic},
    volume      = {6},
    pages       = {147--166},
    year        = {2006}
}
@article{hales:2014,
    title       = {A composable language for action models},
    author      = {Tim French and James Hales and Edwin Tay},
    journal     = {Advances in Modal Logic},
    volume      = {10},
    pages       = {197--216},
    year        = {2014}
}
@article{dagostino:2005,
    author      = {d'Agostino, Giovanna and Lenzi, Giacomo},
    title       = {An axiomatization of bisimulation quantifiers via the {$\mu$}-calculus},
    journal     = {Theoretical Computer Science},
    volume      = {338},
    number      = {1-3},
    year        = {2005},
    pages       = {64--95}
 }
